<?xml version="1.0" encoding="UTF-8"?>
<record xmlns="http://www.loc.gov/MARC21/slim">
   <leader>00785cam a22001935  4500</leader>
   <controlfield tag="001">2786303</controlfield>
   <controlfield tag="003">NjP</controlfield>
   <controlfield tag="005">20040618090912.0</controlfield>
   <controlfield tag="008">991114s1932    le            000 0 ara d</controlfield>
   <datafield tag="024" ind1="7" ind2=" ">
      <subfield code="a">princeton_aco004223</subfield>
      <subfield code="2">local</subfield>
   </datafield>
   <datafield ind1=" " ind2=" " tag="035">
      <subfield code="a">(OCoLC)ocm42823476</subfield>
   </datafield>
   <datafield ind1=" " ind2=" " tag="035">
      <subfield code="9">CNJ5087TS</subfield>
   </datafield>
   <datafield ind1=" " ind2=" " tag="040">
      <subfield code="a">PUL</subfield>
      <subfield code="c">PUL</subfield>
   </datafield>
   <datafield ind1="1" ind2=" " tag="041">
      <subfield code="a">ara</subfield>
      <subfield code="h">engtur</subfield>
   </datafield>
   <datafield ind1="0" ind2="3" tag="245">
      <subfield code="a">al-Thawrah al-Turkīyah min daur al-salṭanah ilā ʻahd al-jumhūrīyah [ʻarrabahu] ʻan al-Turkīyah Muḥyī al-Dīn Maydānī [wa] ʻan al-Inkilīzīyah Kāmil Ṣamūʾīl Masīḥah.</subfield>
   </datafield>
   <datafield ind1=" " ind2=" " tag="260">
      <subfield code="a">[Beirut,</subfield>
      <subfield code="c">1932]</subfield>
   </datafield>
   <datafield ind1=" " ind2=" " tag="300">
      <subfield code="a">87 p.</subfield>
      <subfield code="c">22 cm.</subfield>
   </datafield>
   <datafield ind1=" " ind2=" " tag="500">
      <subfield code="a">Tr. from Turkish into Arabic by Muḥyī al-Dīn Maydānī and from English into Arabic by Kāmil Samūʾīl Masīḥah.</subfield>
   </datafield>
   <datafield ind1=" " ind2=" " tag="500">
      <subfield code="a">Published in al-Nidāʾ during 1932.</subfield>
   </datafield>
   <datafield ind1=" " ind2=" " tag="945">
      <subfield code="a">F</subfield>
      <subfield code="b">1</subfield>
      <subfield code="c">2070.129.946</subfield>
   </datafield>
   <datafield ind1=" " ind2=" " tag="911">
      <subfield code="a">20000130</subfield>
   </datafield>
   <datafield ind1="8" ind2="0" tag="852">
      <subfield code="0">1946409</subfield>
      <subfield code="b">rcppa</subfield>
      <subfield code="t">0</subfield>
      <subfield code="h">2070.129.946</subfield>
      <subfield code="x">tr fr anxa</subfield>
   </datafield>
   <datafield ind1=" " ind2=" " tag="959">
      <subfield code="a">2000-06-13 00:00:00 -0500</subfield>
   </datafield>
</record>
